[gd_scene load_steps=17 format=2]

[ext_resource path="res://scenes/levels/Level4.tscn" type="PackedScene" id=1]
[ext_resource path="res://scenes/UI/GraphicsSettings.tscn" type="PackedScene" id=2]
[ext_resource path="res://scripts/Game.gd" type="Script" id=3]
[ext_resource path="res://scenes/levels/level9.tscn" type="PackedScene" id=4]
[ext_resource path="res://scripts/AudioAnimationTarget.gd" type="Script" id=5]
[ext_resource path="res://scripts/MufflednessTween.gd" type="Script" id=6]
[ext_resource path="res://sounds/slow_down.wav" type="AudioStream" id=7]
[ext_resource path="res://sounds/speed_up.wav" type="AudioStream" id=8]
[ext_resource path="res://scenes/levels/Level3.tscn" type="PackedScene" id=9]
[ext_resource path="res://scenes/levels/Level1.tscn" type="PackedScene" id=10]
[ext_resource path="res://scenes/levels/Level2.tscn" type="PackedScene" id=11]
[ext_resource path="res://scenes/levels/Level1-5.tscn" type="PackedScene" id=12]
[ext_resource path="res://scenes/levels/Prologue.tscn" type="PackedScene" id=13]
[ext_resource path="res://scenes/levels/level5-6.tscn" type="PackedScene" id=14]
[ext_resource path="res://scenes/levels/level7.tscn" type="PackedScene" id=15]
[ext_resource path="res://scenes/levels/level8.tscn" type="PackedScene" id=16]

[node name="GameRoot" type="Spatial"]
script = ExtResource( 3 )
levels = [ ExtResource( 13 ), ExtResource( 10 ), ExtResource( 12 ), ExtResource( 11 ), ExtResource( 9 ), ExtResource( 1 ), ExtResource( 14 ), ExtResource( 15 ), ExtResource( 16 ), ExtResource( 4 ) ]
menu_scene = "res://scenes/Menu.tscn"

[node name="GraphicsSettings" parent="." instance=ExtResource( 2 )]
menu_scene = ""

[node name="AudioAnimationTarget" type="Node" parent="."]
script = ExtResource( 5 )
muffle_effect_bus = "Effects"
muffled_eq_settings = [ -5.0, -1.0, -14.0, -18.0, -30.0, -35.0 ]

[node name="MufflednessTween" type="Tween" parent="AudioAnimationTarget"]
pause_mode = 2
script = ExtResource( 6 )

[node name="SlowDownSound" type="AudioStreamPlayer" parent="AudioAnimationTarget"]
stream = ExtResource( 7 )
volume_db = -10.0
pitch_scale = 1.5

[node name="SpeedUpSound" type="AudioStreamPlayer" parent="AudioAnimationTarget"]
stream = ExtResource( 8 )
volume_db = -10.0
pitch_scale = 1.5
