[gd_scene load_steps=19 format=2]

[ext_resource path="res://scenes/raymarched/SerpinskiTetrahedron.tscn" type="PackedScene" id=1]
[ext_resource path="res://scenes/raymarched/KIFS.tscn" type="PackedScene" id=2]
[ext_resource path="res://scenes/raymarched/Star.tscn" type="PackedScene" id=3]
[ext_resource path="res://scenes/raymarched/MengerKIFS.tscn" type="PackedScene" id=4]
[ext_resource path="res://scripts/pivot.gd" type="Script" id=5]
[ext_resource path="res://images/Title.png" type="Texture" id=6]
[ext_resource path="res://ui_theme.tres" type="Theme" id=7]
[ext_resource path="res://fonts/Xarrovv.otf" type="DynamicFontData" id=8]
[ext_resource path="res://scenes/UI/Settings.tscn" type="PackedScene" id=9]
[ext_resource path="res://scripts/UI/MainMenuSettingsPanel.gd" type="Script" id=10]
[ext_resource path="res://scripts/UI/MainMenuAboutPanel.gd" type="Script" id=11]
[ext_resource path="res://scenes/WarpEffect.tscn" type="PackedScene" id=12]
[ext_resource path="res://scripts/UI/MainMenu.gd" type="Script" id=13]
[ext_resource path="res://shaders/KIFSOrbitTrap.shader" type="Shader" id=14]
[ext_resource path="res://shaders/MengerKIFSOrbitTrap.shader" type="Shader" id=15]

[sub_resource type="ShaderMaterial" id=1]
shader = ExtResource( 14 )
shader_param/objectTransform = Transform( 0.9654, -0.159596, 0.206233, 0, 0.79085, 0.61201, -0.260774, -0.590835, 0.763486, 63.272, 0, 0 )
shader_param/shipTransform = null
shader_param/shipShadow = false
shader_param/surfaceDistance = 0.002
shader_param/maxDistance = 1e+10
shader_param/objectScale = 1.5
shader_param/sunRayDirection = Vector3( 63.272, 0, 0 )
shader_param/sunSize = 0.0632191
shader_param/axis = Vector3( 1.219, 1, -0.954 )
shader_param/angle = -0.369
shader_param/iterations = 20
shader_param/smoothing = 0.06
shader_param/fScale = 1.534
shader_param/vOffset = Vector3( -0.691, -2.368, -0.786 )
shader_param/albedo = Color( 0.286275, 0.14902, 0, 1 )
shader_param/trap1_albedo = Color( 0.152941, 0.152941, 0.152941, 1 )
shader_param/trap1 = null
shader_param/trap1scale = 0.098
shader_param/trap2_albedo = Color( 0.403922, 0.403922, 0.52549, 1 )
shader_param/trap2 = Vector3( 2.35, 3.816, 0.696 )
shader_param/trap2scale = 0.055
shader_param/roughness = 0.9
shader_param/specular = 0.0
shader_param/metallic = 0.0

[sub_resource type="ShaderMaterial" id=2]
shader = ExtResource( 15 )
shader_param/objectTransform = Transform( 1, 0, 0, 0, 1, 0, 0, 0, 1, -46.3149, 0, 0 )
shader_param/shipTransform = Transform( 1, 1.03316e-07, 1.77796e-14, 0, -1.62921e-07, 1, 1.03316e-07, -1, -1.62921e-07, 0, 0, 0 )
shader_param/shipShadow = false
shader_param/surfaceDistance = 0.01
shader_param/maxDistance = 1e+10
shader_param/objectScale = 3.0
shader_param/sunRayDirection = Vector3( -46.3149, 0, 0 )
shader_param/sunSize = 0.0863653
shader_param/albedo = Color( 0.545098, 1, 0, 1 )
shader_param/trap1_albedo = Color( 0, 0.470588, 0.654902, 1 )
shader_param/trap1 = Vector3( 0.192, 0.728, 0.674 )
shader_param/trap1scale = 0.258
shader_param/trap2_albedo = null
shader_param/trap2 = null
shader_param/trap2scale = 0.0
shader_param/roughness = 0.0
shader_param/specular = 1.0
shader_param/metallic = 0.99
shader_param/scale = 1.67
shader_param/rotx = -0.535
shader_param/roty = 0.164
shader_param/rotz = 0.025
shader_param/offset = Vector3( 1, 1, 1 )
shader_param/iterations = 8
shader_param/smoothing = 0.01

[sub_resource type="DynamicFont" id=3]
size = 24
font_data = ExtResource( 8 )

[node name="Menu" type="Spatial"]

[node name="Star" parent="." instance=ExtResource( 3 )]

[node name="pivot" type="Spatial" parent="Star"]
script = ExtResource( 5 )
euler_rotation = Vector3( 0, 0.05, 0 )

[node name="pivot" type="Spatial" parent="Star/pivot"]
transform = Transform( 1, 0, 0, 0, 1, 0, 0, 0, 1, 63.272, 0, 0 )
script = ExtResource( 5 )
euler_rotation = Vector3( 0, 0.15, 0.1 )

[node name="KIFS" parent="Star/pivot/pivot" instance=ExtResource( 2 )]
transform = Transform( 0.9654, -0.159596, 0.206233, 0, 0.79085, 0.61201, -0.260774, -0.590835, 0.763486, 0, 0, 0 )
material/0 = SubResource( 1 )
object_scale = 1.5
angle = -0.369
vOffset = Vector3( -0.691, -2.368, -0.786 )

[node name="pivot2" type="Spatial" parent="Star"]
script = ExtResource( 5 )
euler_rotation = Vector3( 0, 0.15, 0 )

[node name="Spatial" type="Spatial" parent="Star/pivot2"]
transform = Transform( 1, 0, 0, 0, 1, 0, 0, 0, 1, -46.3149, 0, 0 )
script = ExtResource( 5 )
euler_rotation = Vector3( 0.03, 0.1, 0 )

[node name="MengerKIFS" parent="Star/pivot2/Spatial" instance=ExtResource( 4 )]
material/0 = SubResource( 2 )
object_scale = 3.0
fractal_scale = 1.67
rotx = -0.535

[node name="pivot3" type="Spatial" parent="Star"]
script = ExtResource( 5 )
euler_rotation = Vector3( 0, 0.35, 0.1 )

[node name="Spatial" type="Spatial" parent="Star/pivot3"]
transform = Transform( 1, 0, 0, 0, 1, 0, 0, 0, 1, 2.28235, 0, -19.5194 )
script = ExtResource( 5 )
euler_rotation = Vector3( 0.2, 0.5, 0.1 )

[node name="Serpinski" parent="Star/pivot3/Spatial" instance=ExtResource( 1 )]
pause_mode = 2

[node name="Camera" type="Camera" parent="."]
transform = Transform( 1, 0, 0, 0, 0.643616, 0.765348, 0, -0.765348, 0.643616, 0, 147.258, 123.039 )
fov = 30.0
far = 1000.0

[node name="menu" type="Control" parent="."]
anchor_right = 1.0
anchor_bottom = 1.0
size_flags_horizontal = 5
size_flags_vertical = 5
theme = ExtResource( 7 )
script = ExtResource( 13 )
__meta__ = {
"_edit_use_anchors_": false
}
game_scene = "res://scenes/Game.tscn"

[node name="title" type="TextureRect" parent="menu"]
anchor_top = 0.0633333
anchor_right = 1.0
anchor_bottom = 0.5
texture = ExtResource( 6 )
expand = true
stretch_mode = 6
__meta__ = {
"_edit_use_anchors_": true
}

[node name="play" type="Button" parent="menu"]
anchor_left = 0.5
anchor_top = 0.5
anchor_right = 0.5
anchor_bottom = 0.5
margin_left = -71.5
margin_top = 44.0
margin_right = 71.5
margin_bottom = 74.0
text = "PLAY"
__meta__ = {
"_edit_use_anchors_": false
}

[node name="settings" type="Button" parent="menu"]
anchor_left = 0.5
anchor_top = 0.5
anchor_right = 0.5
anchor_bottom = 0.5
margin_left = -71.5
margin_top = 91.161
margin_right = 71.5
margin_bottom = 121.161
text = "SETTINGS"
__meta__ = {
"_edit_use_anchors_": false
}

[node name="about" type="Button" parent="menu"]
anchor_left = 0.5
anchor_top = 0.5
anchor_right = 0.5
anchor_bottom = 0.5
margin_left = -71.5
margin_top = 139.27
margin_right = 71.5
margin_bottom = 169.27
text = "ABOUT"
__meta__ = {
"_edit_use_anchors_": false
}

[node name="SettingsFade" type="ColorRect" parent="menu"]
visible = false
anchor_right = 1.0
anchor_bottom = 1.0
color = Color( 0, 0, 0, 0.298039 )
script = ExtResource( 10 )

[node name="SettingsPanel" type="Panel" parent="menu/SettingsFade"]
anchor_left = 0.5
anchor_top = 0.5
anchor_right = 0.5
anchor_bottom = 0.5
margin_left = -189.0
margin_top = -107.5
margin_right = 189.0
margin_bottom = 107.5
__meta__ = {
"_edit_use_anchors_": false
}

[node name="title" type="Label" parent="menu/SettingsFade/SettingsPanel"]
anchor_right = 1.0
margin_bottom = 46.0
custom_fonts/font = SubResource( 3 )
text = "Settings"
align = 1

[node name="Settings" parent="menu/SettingsFade/SettingsPanel" instance=ExtResource( 9 )]

[node name="AboutFade" type="ColorRect" parent="menu"]
visible = false
anchor_right = 1.0
anchor_bottom = 1.0
color = Color( 0, 0, 0, 0.298039 )
script = ExtResource( 11 )

[node name="AboutPanel" type="Panel" parent="menu/AboutFade"]
anchor_right = 1.0
anchor_bottom = 1.0
margin_left = 136.0
margin_top = 38.0
margin_right = -110.0
margin_bottom = -43.0
__meta__ = {
"_edit_use_anchors_": false
}

[node name="title" type="Label" parent="menu/AboutFade/AboutPanel"]
anchor_right = 1.0
margin_bottom = 46.0
custom_fonts/font = SubResource( 3 )
text = "About"
align = 1

[node name="RichTextLabel" type="RichTextLabel" parent="menu/AboutFade/AboutPanel"]
anchor_right = 1.0
anchor_bottom = 1.0
margin_left = 15.0
margin_top = 46.0
margin_right = -15.0
margin_bottom = -48.0
bbcode_enabled = true
bbcode_text = "[img=350]res://images/Title.png[/img]

[b]Controls:[/b]
Esc: Open graphics settings menu
Mouse & scroll wheel: look around
Right click: Aim
Left click: Fire thrusters
R/Middle click: Reset


[img=400]images/gamejam/gwj-logo.png[/img]
A game created for the 22nd Godot Wild Game jam.

[img=200]images/gamejam/GWJ-22-Wildcards.png[/img]
This game uses procedural generated fractals for the environment.
The music was procedurally generated by Abundant Music and touched up and rendered with Musescore.

Fly your spaceship around infinitely detailed procedurally generated fractals, and maybe learn a thing or two about orbital mechanics on the way.

The graphics in this game are rendered using \"Ray marching\" (Also called sphere tracing), in contrast to normal 3d graphics which render triangles. Every object is represented by a unique mathematical function instead of a mesh of triangles. This allows for stunning visual effects like soft shadows, ambient occlusion, and glow, among others. This also means that mathematical functions representing fractals, called Kaleidoscopic Iterative Function Systems (KIFS), can be rendered, allowing infinitely complex surfaces to be rendered.

Note that running the game at a high resolution may require a powerful GPU ."
text = "

Controls:
Esc: Open graphics settings menu
Mouse & scroll wheel: look around
Right click: Aim
Left click: Fire thrusters
R/Middle click: Reset



A game created for the 22nd Godot Wild Game jam.


This game uses procedural generated fractals for the environment.
The music was procedurally generated by Abundant Music and touched up and rendered with Musescore.

Fly your spaceship around infinitely detailed procedurally generated fractals, and maybe learn a thing or two about orbital mechanics on the way.

The graphics in this game are rendered using \"Ray marching\" (Also called sphere tracing), in contrast to normal 3d graphics which render triangles. Every object is represented by a unique mathematical function instead of a mesh of triangles. This allows for stunning visual effects like soft shadows, ambient occlusion, and glow, among others. This also means that mathematical functions representing fractals, called Kaleidoscopic Iterative Function Systems (KIFS), can be rendered, allowing infinitely complex surfaces to be rendered.

Note that running the game at a high resolution may require a powerful GPU ."
__meta__ = {
"_edit_use_anchors_": false
}

[node name="Close" type="Button" parent="menu/AboutFade/AboutPanel"]
anchor_left = 0.5
anchor_top = 1.0
anchor_right = 0.5
anchor_bottom = 1.0
margin_left = -29.0
margin_top = -39.0
margin_right = 29.0
margin_bottom = -9.0
text = "Close"

[node name="WarpEffect" parent="menu" instance=ExtResource( 12 )]
[connection signal="pressed" from="menu/play" to="menu" method="_on_play_pressed"]
[connection signal="pressed" from="menu/settings" to="menu/SettingsFade" method="_on_settings_pressed"]
[connection signal="pressed" from="menu/about" to="menu/AboutFade" method="_on_about_pressed"]
[connection signal="pressed" from="menu/SettingsFade/SettingsPanel/Settings/Close" to="menu/SettingsFade" method="_on_Close_pressed"]
[connection signal="pressed" from="menu/AboutFade/AboutPanel/Close" to="menu/AboutFade" method="_on_Close_pressed"]
[connection signal="fade_in_complete" from="menu/WarpEffect" to="menu" method="_on_WarpEffect_fade_in_complete"]
[connection signal="fade_out_complete" from="menu/WarpEffect" to="menu" method="_on_WarpEffect_fade_out_complete"]

[editable path="menu/SettingsFade/SettingsPanel/Settings"]
