[gd_scene load_steps=12 format=2]

[ext_resource path="res://scripts/Player.gd" type="Script" id=1]
[ext_resource path="res://scenes/raymarched/ship.tscn" type="PackedScene" id=2]
[ext_resource path="res://scripts/PlayerCamera.gd" type="Script" id=3]
[ext_resource path="res://scripts/ShipPivot.gd" type="Script" id=4]
[ext_resource path="res://scripts/Trajectory.gd" type="Script" id=5]
[ext_resource path="res://shaders/Trajectory.shader" type="Shader" id=6]
[ext_resource path="res://scenes/raymarched/Explosion.tscn" type="PackedScene" id=7]

[sub_resource type="CapsuleShape" id=1]
radius = 0.301204
height = 0.233106

[sub_resource type="CylinderShape" id=2]
radius = 0.418739
height = 0.111533

[sub_resource type="ShaderMaterial" id=3]
shader = ExtResource( 6 )
shader_param/albedo = Color( 1, 1, 1, 0.454902 )

[sub_resource type="Curve" id=4]
max_value = 0.2
_data = [ Vector2( 0, 0 ), 0.0, 0.0, 0, 1, Vector2( 0.0339806, 0 ), 0.0, 0.0, 0, 0, Vector2( 0.140777, 0.0527273 ), 0.0783932, 0.0783932, 0, 0, Vector2( 1, 0 ), -0.111351, 0.0, 0, 0 ]

[node name="Player" type="Spatial"]
transform = Transform( 1, 0, -1.06581e-14, 0, 1, 0, 1.06581e-14, 0, 1, 0, 0, 0 )
script = ExtResource( 1 )

[node name="ShipContainer" type="Spatial" parent="."]

[node name="ShipPivot" type="Spatial" parent="ShipContainer"]
script = ExtResource( 4 )

[node name="Ship" parent="ShipContainer/ShipPivot" instance=ExtResource( 2 )]
transform = Transform( 1, 1.03316e-07, 1.77796e-14, 0, -1.62921e-07, 1, 1.03316e-07, -1, -1.62921e-07, 0, 0, 0 )
collision_radius = 0.2

[node name="ShipCollision" type="Area" parent="ShipContainer/ShipPivot"]

[node name="CollisionShape" type="CollisionShape" parent="ShipContainer/ShipPivot/ShipCollision"]
transform = Transform( 1, 0, 0, 0, 1, 0, 0, 0, 1, 7.33187e-16, 0, 0.0687916 )
shape = SubResource( 1 )

[node name="CollisionShape2" type="CollisionShape" parent="ShipContainer/ShipPivot/ShipCollision"]
transform = Transform( 1, -1.06581e-14, -1.06581e-14, 1.06581e-14, -4.37114e-08, 1, -1.06581e-14, -1, -4.37114e-08, 6.33973e-16, 0, 0.0594827 )
shape = SubResource( 2 )

[node name="CameraPivot" type="Spatial" parent="ShipContainer"]
transform = Transform( 1, -2.75852e-15, -3.63166e-16, 2.75852e-15, 0.965926, 0.258819, -3.63166e-16, -0.258819, 0.965926, 0, 0, 0 )
script = ExtResource( 3 )
view_rotation_speed = 0.004
zoom_max = 75.0

[node name="CameraTarget" type="Spatial" parent="ShipContainer/CameraPivot"]
transform = Transform( 1, 0, 0, 0, 1, 0, 0, 0, 1, 0, 0, 7.5 )

[node name="Trajectory" type="ImmediateGeometry" parent="." groups=[
"Trajectory",
]]
pause_mode = 2
visible = false
material_override = SubResource( 3 )
script = ExtResource( 5 )
integration_timestep = 0.04
point_divisor = 8
point_scale = 0.0
weight_curve = SubResource( 4 )

[node name="Explosion" parent="." instance=ExtResource( 7 )]
[connection signal="area_entered" from="ShipContainer/ShipPivot/ShipCollision" to="." method="_on_ShipCollision_area_entered"]
[connection signal="animation_finished" from="Explosion/AnimationPlayer" to="." method="_on_AnimationPlayer_animation_finished"]

[editable path="Explosion"]
